@manual{LabManualRadDecay,
    title           = {Radioactive Decay Lab Manual},
    year            = 2023,
    organization    = {University of Calgary},
}

@manual{LabManualElectronDiff,
    title           = {Electron Diffraction Lab Manual},
    year            = 2023,
    organization    = {University of Calgary},
}

@manual{LabManualQuantized,
    title           = {Evidence for Quantized Atomic Energy Levels Lab Manual},
    year            = 2023,
    organization    = {University of Calgary},
}

@manual{studentguide,
    title       = {Supplemental Student Guide},
}

@misc{NuDat,
    title = {NuDat 3.0},
    howpublished = {\url{https://www.nndc.bnl.gov/nudat3/}},
    note = {Accessed: 2023-01-23}
}

@book {fundofwavephenom,
    author      = {Akira Hirose and Karl E. Lonngren},
    title       = {Fundamentals of Wave Phenomena},
    isbn        = {9781523112388},
    series      = {Mario Boella series on electromagnetism in information \& communication},
    publisher   = {SciTech Publishing},
    year        = {2010},
    edition     = {2nd},
}